<collection xmlns="http://www.loc.gov/MARC21/slim">
<record>
  <leader>01409nam0a22002411i 450 </leader>
  <controlfield tag="001">IT\ICCU\CNCE\045048</controlfield>
  <controlfield tag="005">19990122000000.0</controlfield>
  <datafield tag="100" ind1=" " ind2=" ">
    <subfield code="a">19990120d1567        0itac0103    ba</subfield>
  </datafield>
  <datafield tag="101" ind1=" " ind2=" ">
    <subfield code="a">LAT</subfield>
  </datafield>
  <datafield tag="102" ind1=" " ind2=" ">
    <subfield code="a">IT</subfield>
  </datafield>
  <datafield tag="200" ind1="1" ind2=" ">
    <subfield code="a">Animaduersionum in sacro sanct. 4 Euangelia ad verum christianismum continendum non inutilium. Quibus iuxta, vel mediocri ingenio praeditus quisque intellecturus facile sit, qua ratione cum animi fructu lectione diuinarum scripturarum vtatur: duabus sectionibus; quarum prior habet Matthaeum, &amp; Marcum: posterior Lucam, &amp; Ioannem. Cum suis rerum distinctis indicibus abunde copiosis. Auctore d. Hilarione Genuensi monacho benedictino cogregationis Casinensis. Sectio prior \- posterior!</subfield>
  </datafield>
  <datafield tag="210" ind1=" " ind2=" ">
    <subfield code="a">Brixiae</subfield>
    <subfield code="c">apud Damianum Turlinum</subfield>
    <subfield code="d">1567</subfield>
  </datafield>
  <datafield tag="215" ind1=" " ind2=" ">
    <subfield code="a">2 v.</subfield>
    <subfield code="d">in 4</subfield>
  </datafield>
  <datafield tag="620" ind1=" " ind2=" ">
    <subfield code="a">IT</subfield>
    <subfield code="d">Brescia</subfield>
  </datafield>
  <datafield tag="700" ind1=" " ind2="0">
    <subfield code="a">Ilarione</subfield>
    <subfield code="c"> : da#Genova</subfield>
    <subfield code="3">IT\ICCU\CNCA\008231</subfield>
  </datafield>
  <datafield tag="712" ind1="0" ind2="0">
    <subfield code="a">Turlino, Damiano</subfield>
    <subfield code="3">IT\ICCU\CNCT\000234</subfield>
    <subfield code="4">650</subfield>
  </datafield>
  <datafield tag="790" ind1=" " ind2="0">
    <subfield code="a">Hilarion</subfield>
    <subfield code="c"> : Genuensis</subfield>
    <subfield code="3">IT\ICCU\CNCA\014385</subfield>
    <subfield code="z">Ilarione : da#Genova</subfield>
  </datafield>
  <datafield tag="790" ind1=" " ind2="1">
    <subfield code="a">Buschetto,</subfield>
    <subfield code="b">Ilario : de</subfield>
    <subfield code="3">IT\ICCU\CNCA\016161</subfield>
    <subfield code="z">Ilarione : da#Genova</subfield>
  </datafield>
  <datafield tag="791" ind1="0" ind2="0">
    <subfield code="a">Turlinis, Damianus de</subfield>
    <subfield code="3">IT\ICCU\CNCT\004144</subfield>
    <subfield code="z">Turlino, Damiano</subfield>
  </datafield>
  <datafield tag="791" ind1="0" ind2="0">
    <subfield code="a">Turlinus, Damianus</subfield>
    <subfield code="3">IT\ICCU\CNCT\005604</subfield>
    <subfield code="z">Turlino, Damiano</subfield>
  </datafield>
  <datafield tag="791" ind1="0" ind2="0">
    <subfield code="a">Turlini, Damiano</subfield>
    <subfield code="3">IT\ICCU\CNCT\005605</subfield>
    <subfield code="z">Turlino, Damiano</subfield>
  </datafield>
  <datafield tag="801" ind1=" " ind2="3">
    <subfield code="a">IT</subfield>
    <subfield code="b">ICCU</subfield>
    <subfield code="c">20201114</subfield>
  </datafield>
  <datafield tag="899" ind1=" " ind2=" ">
    <subfield code="a">Biblioteca universitaria Alessandrina. Roma</subfield>
    <subfield code="1">RM0280</subfield>
    <subfield code="2">RML 01</subfield>
  </datafield>
</record>
</collection>
